@BOOK{Op07,
  AUTHOR =       {胡运权},
  TITLE =        {运筹学教程},
  PUBLISHER =    {清华大学出版社},
  YEAR =         {2007},
  edition =      {第三版},
  isbn =         {978-7-302-14738-1},
}
@BOOK{Op06,
  AUTHOR =       {Wayne L. Winston},
  TITLE =        {运筹学--应用范例与解法},
  PUBLISHER =    {清华大学出版社},
  YEAR =         {2007},
  edition =      {第四版},
  isbn =         {7-302-13208-9/TP·8347},
}

@ARTICLE{gene97,
  AUTHOR =       {张铃、张钹},
  TITLE =        {统计遗传算法},
  JOURNAL =      {软件学报},
  YEAR =         {1997},
  volume =       {8},
  number =       {5},
  pages =        {9},
}


@Manual{R08,
    title = {R: A Language and Environment for Statistical Computing},
    author = {{R Development Core Team}},
    organization = {R Foundation for Statistical Computing},
    address = {Vienna, Austria},
    year = {2008},
    note = {{ISBN} 3-900051-07-0},
    url = {http://www.R-project.org},
}
  @Manual{Rglpk08,
    title = {Rglpk: R/GNU Linear Programming Kit Interface},
    author = {Stefan Theussl and Kurt Hornik},
    year = {2008},
    note = {R package version 0.2-5},
    url = {http://R-Forge.R-project.org/projects/rglp/, http://www.gnu.org/software/glpk/},
  }
 @Manual{lpSolve08,
    title = {lpSolve: Interface to Lp\_solve v.5.5 to solve linear/integer programs},
    author = {Michel Berkelaar and others},
    year = {2008},
    note = {R package version 5.6.4},
  }
@Manual{goalprog08,
    title = {goalprog: Weighted and lexicographical goal programming and optimization},
    author = {Frederick Novomestky},
    year = {2008},
    note = {R package version 1.0-2},
  }
@Manual{Rdonlp207,
    title = {Rdonlp2: an R extension library to use Peter Spelluci's DONLP2 from R.},
    author = {Ryuichi Tamura},
    year = {2007},
    note = {R package version 0.3-1},
    url = {http://arumat.net/Rdonlp2/},
  }

  @Manual{TSP08,
    title = {TSP: Traveling Salesperson Problem (TSP)},
    author = {Michael Hahsler and Kurt Hornik},
    year = {2008},
    note = {R package version 0.2-4},
    url = {http://r-forge.r-project.org/projects/tsp/},
  }
 @Manual{maps08,
    title = {maps: Draw Geographical Maps},
    author = {Thomas P Minka},
    year = {2008},
    note = {R package version 2.0-40},
  }

@Manual{Yihui08,
  title = {animation: Demonstrate Animations in Statistics},
  author = {Yihui Xie},
  year = {2008},
  note = {R package version 0.2-0},
  url = {http://R.yihui.name},
}

@Manual{gafit02,
    title = {gafit: Genetic Algorithm for Curve Fitting},
    author = {Telford Tendys},
    year = {2002},
    note = {R package version 0.4},
    url = {http://www.progsoc.uts.edu.au/~telford/},
  }
@article{igraph06,
    title = {The igraph software package for complex network research},
    author = {Gabor Csardi and Tamas Nepusz},
    journal = {InterJournal},
    volume = {Complex Systems},
    pages = {1695},
    year = {2006},
    url = {http://igraph.sf.net},
  }
@Manual{maptools08,
    title = {maptools: Tools for reading and handling spatial objects},
    author = {Nicholas J. Lewin-Koh and Roger Bivand and contributions by Edzer J. Pebesma and Eric Archer and Stéphane Dray and David Forrest and Patrick Giraudoux and Duncan Golicher and Virgilio Gómez Rubio and Patrick Hausmann and Thomas Jagger and Sebastian P. Luque and Don MacQueen and Andrew Niccolai and Tom Short},
    year = {2008},
    note = {R package version 0.7-15},
  }






